@online{collier_pendulum,
  author = {Brianno Coller},
  title = {Classic Inverted Pendulum - Equations of Motion},
  date = {2015},
  url = {https://youtu.be/5qJY-ZaKSic?si=InVJLlKmOoRwWENS},
  urldate = {2025-05-09}, % Дата обращения
  langid = {english},
  note = {Видео на YouTube}
}
@online{pendulum_cart,
  author = {University of Washington},
  title = {Pendulum on a Cart Problem},
  url = {https://faculty.washington.edu/chx/teaching/me547/pendulum_on_a_cart_prob.pdf},
  urldate = {2025-05-09},
  langid = {english},
  note = {PDF-документ}
}